[gd_scene load_steps=17 format=2]

[ext_resource path="res://Sprites/particle1.png" type="Texture" id=1]
[ext_resource path="res://renai_circ_fade.mp3" type="AudioStream" id=2]
[ext_resource path="res://Sprites/wone_img/wone4.png" type="Texture" id=3]
[ext_resource path="res://wone_anim.tres" type="Animation" id=4]
[ext_resource path="res://Sprites/wone_img/wone3.png" type="Texture" id=5]
[ext_resource path="res://Sprites/wone_img/wone3_1.png" type="Texture" id=6]
[ext_resource path="res://Sprites/particle2.png" type="Texture" id=7]
[ext_resource path="res://Sprites/wone_img/wone2_1.png" type="Texture" id=8]
[ext_resource path="res://Sprites/wone_img/wone2.png" type="Texture" id=9]
[ext_resource path="res://Sprites/wone_img/wone5.png" type="Texture" id=10]
[ext_resource path="res://Sprites/wone_img/wone5_1.png" type="Texture" id=11]
[ext_resource path="res://Sprites/wone_img/wone6.png" type="Texture" id=12]
[ext_resource path="res://Sprites/wone_img/wone6_1.png" type="Texture" id=13]
[ext_resource path="res://Sprites/wone_img/wone1.png" type="Texture" id=14]
[ext_resource path="res://anim.gd" type="Script" id=15]
[ext_resource path="res://wone_title2.png" type="Texture" id=16]

[node name="anim" type="Node2D"]
script = ExtResource( 15 )

[node name="AnimationPlayer" type="AnimationPlayer" parent="."]
anims/wone_anim = ExtResource( 4 )

[node name="particles" type="Node2D" parent="."]
modulate = Color( 1, 1, 1, 0.717647 )

[node name="CPUParticles2D" type="CPUParticles2D" parent="particles"]
position = Vector2( 512, 300 )
emitting = false
amount = 20
lifetime = 20.0
explosiveness = 1.0
texture = ExtResource( 1 )
emission_shape = 2
emission_rect_extents = Vector2( 462, 250 )
spread = 180.0
gravity = Vector2( 0, 0 )
initial_velocity = 100.0
initial_velocity_random = 1.0
angular_velocity = 40.0
angular_velocity_random = 1.0
angle_random = 1.0
scale_amount = 0.19
scale_amount_random = 0.1

[node name="CPUParticles2D2" type="CPUParticles2D" parent="particles"]
position = Vector2( 512, 300 )
emitting = false
amount = 20
lifetime = 20.0
explosiveness = 1.0
texture = ExtResource( 7 )
emission_shape = 2
emission_rect_extents = Vector2( 462, 250 )
spread = 180.0
gravity = Vector2( 0, 0 )
initial_velocity = 100.0
initial_velocity_random = 1.0
angular_velocity = 40.0
angular_velocity_random = 1.0
angle_random = 1.0
scale_amount = 0.19
scale_amount_random = 0.1

[node name="rectangles" type="Control" parent="."]
margin_right = 40.0
margin_bottom = 40.0
__meta__ = {
"_edit_use_anchors_": false
}

[node name="ColorRect" type="ColorRect" parent="rectangles"]
margin_left = 1038.0
margin_top = 95.0
margin_right = 1065.0
margin_bottom = 235.0
color = Color( 0.972549, 0.843137, 0.643137, 1 )
__meta__ = {
"_edit_use_anchors_": false
}

[node name="pink_rect" type="ColorRect" parent="rectangles"]
margin_left = 776.0
margin_top = 603.0
margin_right = 835.0
margin_bottom = 643.0
color = Color( 0.992157, 0.694118, 0.662745, 1 )

[node name="img" type="Node2D" parent="."]

[node name="wone4" type="Sprite" parent="img"]
visible = false
position = Vector2( 512, 936.532 )
scale = Vector2( 0.68, 0.68 )
texture = ExtResource( 3 )

[node name="wone3_1" type="Sprite" parent="img"]
visible = false
position = Vector2( -275.096, 312.8 )
scale = Vector2( 0.775523, 0.775523 )
texture = ExtResource( 6 )

[node name="wone3" type="Sprite" parent="img/wone3_1"]
modulate = Color( 1, 0.427451, 0.396078, 0.74902 )
show_behind_parent = true
position = Vector2( 17.0196, 0 )
scale = Vector2( 1.00062, 1.00062 )
texture = ExtResource( 5 )

[node name="wone2" type="Sprite" parent="img"]
visible = false
position = Vector2( 1181, 341.727 )
texture = ExtResource( 9 )

[node name="wone2_1" type="Sprite" parent="img/wone2"]
modulate = Color( 0.164706, 0.384314, 0.988235, 0.803922 )
show_behind_parent = true
position = Vector2( -15, 0 )
texture = ExtResource( 8 )

[node name="wone5" type="Sprite" parent="img"]
visible = false
position = Vector2( 512, 910 )
texture = ExtResource( 10 )

[node name="wone5_1" type="Sprite" parent="img/wone5"]
modulate = Color( 0.968627, 0.815686, 0.290196, 0.862745 )
show_behind_parent = true
position = Vector2( 16.9706, -2.82843 )
texture = ExtResource( 11 )

[node name="wone6" type="Sprite" parent="img"]
position = Vector2( -202.022, 460 )
texture = ExtResource( 12 )

[node name="wone6_1" type="Sprite" parent="img/wone6"]
modulate = Color( 0.14902, 0.901961, 0.0901961, 0.588235 )
show_behind_parent = true
position = Vector2( 30, 0 )
texture = ExtResource( 13 )

[node name="wone1" type="Sprite" parent="img"]
visible = false
position = Vector2( 247.305, 193.819 )
rotation = -0.205834
scale = Vector2( 1.94152, 1.94152 )
texture = ExtResource( 14 )
offset = Vector2( -3.47571, -91.4911 )

[node name="wone_title" type="Sprite" parent="img"]
position = Vector2( 1214.92, -161.743 )
texture = ExtResource( 16 )

[node name="AudioStreamPlayer" type="AudioStreamPlayer" parent="."]
stream = ExtResource( 2 )

[node name="FPS" type="Label" parent="."]
margin_right = 40.0
margin_bottom = 14.0
custom_colors/font_color = Color( 0, 0, 0, 1 )
text = "dfdsfsdf"
__meta__ = {
"_edit_use_anchors_": false
}

[node name="Button" type="Button" parent="."]
margin_left = 453.258
margin_top = 322.583
margin_right = 551.258
margin_bottom = 395.583
action_mode = 0
text = "PLAY"
__meta__ = {
"_edit_use_anchors_": false
}

[connection signal="pressed" from="Button" to="." method="_on_Button_pressed"]
